# 攻读学位期间发表论文与研究成果清单

@article{myCiteKey,
  title={交联型与线形水性聚氨酯的形状记忆性能比较},
  author={张三 and 李杰 and 罗运军},
  author+an = {1=myself},
  journal={化工进展},
  year={2006},
  number={01},
  pages={78-81},
  keywords={交联;线形;水性聚氨酯;形状记忆性能},
  abstract={由聚酯多元醇、2,4–甲苯二异氰酸酯、二羟甲基丙酸等合成了水性聚氨酯乳液,对乳液性能进行了研究;对制得的聚氨酯胶膜进行了红外分析、dsc测试和形状记忆性能测试;用丙三醇和三羟甲基丙烷作为扩链制得的交联水性聚氨酯与用1,4–丁二醇制得的线形水性聚氨酯进行了性能比较,结果表明},
  issn={1000-6613},
}

@article{myCiteKey2,
  title={交联型与线形水性聚氨酯的形状记忆性能比较},
  author={张三 and 李杰 and 罗运军},
  author+an = {1=myself},
  journal={化工进展},
  year={2007},
  number={01},
  pages={78-81},
  keywords={交联;线形;水性聚氨酯;形状记忆性能},
  abstract={由聚酯多元醇、2,4–甲苯二异氰酸酯、二羟甲基丙酸等合成了水性聚氨酯乳液,对乳液性能进行了研究;对制得的聚氨酯胶膜进行了红外分析、dsc测试和形状记忆性能测试;用丙三醇和三羟甲基丙烷作为扩链制得的交联水性聚氨酯与用1,4–丁二醇制得的线形水性聚氨酯进行了性能比较,结果表明},
  issn={1000-6613},
}
